@BOOK{
    LabenbacherTeX,
    key = {Lab97},
    author = "Michael Labenbacher",% Vorname Nachname(Abgekuerzt falls Nachname2 existiert) Nachname2(Ausgeschrieben)
    title = "Erweiterung des {{\TeX}books}",
    subtitle = "Feineinstellungen",
    publisher = "VerlagX",
    year = 1984,
    isbn = "3825856976",
    url = "www.labenbacher.at",
  	urldate = {1997-03-11},
}%
% Optional fields: volume/number, series, address, edition, month, note
