@index{people, plural="peoples"}%
@index{people.electrician, name={electrician}, parent={people}}%
@index{entry}%
@index{control}%
@index{cinema}%
@index{dump}%
@index{entry.subentry, name={subentry}, parent={entry}}%
@index{entry.subentry.subsubentry, name={subsubentry}, parent={entry.subentry}}%
@index{empty, name={\cs{empty}}, sort={empty}}%
@index{animal, plural="animals"}%
@index{beast,alias={animal}}%
@index{animal.dog, name={dog}, plural="dogs", seealso={animal}, parent={animal}}%
@index{key, name={value}}%
@index{LaTeX, name={\LaTeX}, sort={LaTeX}}%
@index{LaTeX.package, name={package}, parent={LaTeX}}%
@index{LaTeX.file, name={file}, parent={LaTeX}}%
@index{LaTeX.class, name={class}, parent={LaTeX}}%
@index{LaTeX.sty, name={sty}, parent={LaTeX}}%