@abbreviation{shtml,
	short={(s)html},
	long={(static) hypertext markup language},
	sort={shtml},
	first={first (s)html},
	shortplural={(s)html plural},
	longplural={(static) hypertext markup language plural}
}
@abbreviation{a,short={a},long={a}}
@abbreviation{b,short={b},long={b}}
@abbreviation{c,short={c},long={c}}
@abbreviation{d,short={d},long={d}}
@abbreviation{e,short={e},long={e}}
@abbreviation{f,short={f},long={f}}
@abbreviation{g,short={g},long={g}}
@abbreviation{h,short={h},long={h}}
@abbreviation{i,short={i},long={i}}
@abbreviation{j,short={j},long={j}}
@abbreviation{k,short={k},long={k}}
@abbreviation{l,short={l},long={l}}
@abbreviation{m,short={m},long={m}}
@abbreviation{n,short={n},long={n}}
@abbreviation{o,short={o},long={o}}