@index{da}@index{aa}@index{ba}@index{ca}
@index{db}@index{ab}@index{bb}@index{cb}
@index{dc}@index{ac}@index{bc}@index{cc}
@index{dd}@index{ad}@index{bd}@index{cd}

@index{empty,name={\cs{empty}},symbol={fcp},sort={empty}}
